@article{enqvist_nucleation_1992,
	title = {Nucleation and bubble growth in a first-order cosmological electroweak phase transition},
	volume = {45},
	issn = {0556-2821},
	url = {https://link.aps.org/doi/10.1103/PhysRevD.45.3415},
	doi = {10.1103/PhysRevD.45.3415},
	pages = {3415--3428},
	number = {10},
	journaltitle = {Physical Review D},
	shortjournal = {Phys. Rev. D},
	author = {Enqvist, K. and Ignatius, J. and Kajantie, K. and Rummukainen, K.},
	urldate = {2021-10-13},
	date = {1992-05-15},
	langid = {english},
}

@article{giese_model-independent_2020,
	title = {Model-independent energy budget of cosmological first-order phase transitions—A sound argument to go beyond the bag model},
	volume = {2020},
	issn = {1475-7516},
	url = {https://iopscience.iop.org/article/10.1088/1475-7516/2020/07/057},
	doi = {10.1088/1475-7516/2020/07/057},
	pages = {057--057},
	number = {7},
	journaltitle = {Journal of Cosmology and Astroparticle Physics},
	shortjournal = {J. Cosmol. Astropart. Phys.},
	author = {Giese, Felix and Konstandin, Thomas and de Vis, Jorinde van},
	urldate = {2021-10-13},
	date = {2020-07-27},
}

@article{hindmarsh_phase_2021,
	title = {Phase transitions in the early universe},
	issn = {2590-1990},
	url = {https://scipost.org/10.21468/SciPostPhysLectNotes.24},
	doi = {10.21468/SciPostPhysLectNotes.24},
	pages = {24},
	journaltitle = {{SciPost} Physics Lecture Notes},
	shortjournal = {{SciPost} Phys. Lect. Notes},
	author = {Hindmarsh, Mark and Lüben, Marvin and Lumma, Johannes and Pauly, Martin},
	urldate = {2021-04-28},
	date = {2021-02-15},
}
